@article{ho2009clock,
  title={Clock synchronization by remote detection of correlated photon pairs},
  author={Ho, Caleb and Lamas-Linares, Antia and Kurtsiefer, Christian},
  journal={New Journal of Physics},
  volume={11},
  number={4},
  pages={045011},
  year={2009},
  publisher={IOP Publishing}
}

@article{laurence2006fast,
	title={Fast, flexible algorithm for calculating photon correlations},
	author={Laurence, Ted A and Fore, Samantha and Huser, Thomas},
	journal={Optics letters},
	volume={31},
	number={6},
	pages={829--831},
	year={2006},
	publisher={Optical Society of America}
}
